

@book{schaub,
	Address = {Reston, VA},
	Author = {Hanspeter Schaub and John L. Junkins},
	Date-Added = {2018-05-22 18:28:12 +0000},
	Date-Modified = {2018-05-22 18:28:12 +0000},
	Doi = {10.2514/4.105210},
	Edition = {4th},
	Keywords = {celestial mechanics, kinematics},
	Publisher = {{AIAA} Education Series},
	Title = {Analytical Mechanics of Space Systems},
	Year = {2018},
	Bdsk-File-1 = {YnBsaXN0MDDUAQIDBAUGJCVYJHZlcnNpb25YJG9iamVjdHNZJGFyY2hpdmVyVCR0b3ASAAGGoKgHCBMUFRYaIVUkbnVsbNMJCgsMDxJXTlMua2V5c1pOUy5vYmplY3RzViRjbGFzc6INDoACgAOiEBGABIAFgAdccmVsYXRpdmVQYXRoWWFsaWFzRGF0YV8QKy4uLy4uLy4uLy4uLy4uLy4uLy4uL1BhcGVycy9TY2hhdWIyMDA5YS5wZGbSFwsYGVdOUy5kYXRhTxEBUAAAAAABUAACAAAMTWFjaW50b3NoIEhEAAAAAAAAAAAAAAAAAAAAAAAAAEJEAAH/////D1NjaGF1YjIwMDlhLnBkZgAAAAAAAAAAAAAAAAAAAAAAAAAAAAAAAAAAAAAAAAAAAAAAAAAAAAAAAAAAAAAAAP////8AAAAAAAAAAAAAAAAABwACAAAKIGN1AAAAAAAAAAAAAAAAAAZQYXBlcnMAAgArLzpVc2VyczpocDpEb2N1bWVudHM6UGFwZXJzOlNjaGF1YjIwMDlhLnBkZgAADgAgAA8AUwBjAGgAYQB1AGIAMgAwADAAOQBhAC4AcABkAGYADwAaAAwATQBhAGMAaQBuAHQAbwBzAGgAIABIAEQAEgApVXNlcnMvaHAvRG9jdW1lbnRzL1BhcGVycy9TY2hhdWIyMDA5YS5wZGYAABMAAS8AABUAAgAJ//8AAIAG0hscHR5aJGNsYXNzbmFtZVgkY2xhc3Nlc11OU011dGFibGVEYXRhox0fIFZOU0RhdGFYTlNPYmplY3TSGxwiI1xOU0RpY3Rpb25hcnmiIiBfEA9OU0tleWVkQXJjaGl2ZXLRJidUcm9vdIABAAgAEQAaACMALQAyADcAQABGAE0AVQBgAGcAagBsAG4AcQBzAHUAdwCEAI4AvADBAMkCHQIfAiQCLwI4AkYCSgJRAloCXwJsAm8CgQKEAokAAAAAAAACAQAAAAAAAAAoAAAAAAAAAAAAAAAAAAACiw==},
	Bdsk-File-2 = {YnBsaXN0MDDUAQIDBAUGJCVYJHZlcnNpb25YJG9iamVjdHNZJGFyY2hpdmVyVCR0b3ASAAGGoKgHCBMUFRYaIVUkbnVsbNMJCgsMDxJXTlMua2V5c1pOUy5vYmplY3RzViRjbGFzc6INDoACgAOiEBGABIAFgAdccmVsYXRpdmVQYXRoWWFsaWFzRGF0YV8QKy4uLy4uLy4uLy4uLy4uLy4uLy4uL1BhcGVycy9TY2hhdWIyMDE0Yi5wZGbSFwsYGVdOUy5kYXRhTxEBUAAAAAABUAACAAAMTWFjaW50b3NoIEhEAAAAAAAAAAAAAAAAAAAAAAAAAEJEAAH/////D1NjaGF1YjIwMTRiLnBkZgAAAAAAAAAAAAAAAAAAAAAAAAAAAAAAAAAAAAAAAAAAAAAAAAAAAAAAAAAAAAAAAP////8AAAAAAAAAAAAAAAAABwACAAAKIGN1AAAAAAAAAAAAAAAAAAZQYXBlcnMAAgArLzpVc2VyczpocDpEb2N1bWVudHM6UGFwZXJzOlNjaGF1YjIwMTRiLnBkZgAADgAgAA8AUwBjAGgAYQB1AGIAMgAwADEANABiAC4AcABkAGYADwAaAAwATQBhAGMAaQBuAHQAbwBzAGgAIABIAEQAEgApVXNlcnMvaHAvRG9jdW1lbnRzL1BhcGVycy9TY2hhdWIyMDE0Yi5wZGYAABMAAS8AABUAAgAJ//8AAIAG0hscHR5aJGNsYXNzbmFtZVgkY2xhc3Nlc11OU011dGFibGVEYXRhox0fIFZOU0RhdGFYTlNPYmplY3TSGxwiI1xOU0RpY3Rpb25hcnmiIiBfEA9OU0tleWVkQXJjaGl2ZXLRJidUcm9vdIABAAgAEQAaACMALQAyADcAQABGAE0AVQBgAGcAagBsAG4AcQBzAHUAdwCEAI4AvADBAMkCHQIfAiQCLwI4AkYCSgJRAloCXwJsAm8CgQKEAokAAAAAAAACAQAAAAAAAAAoAAAAAAAAAAAAAAAAAAACiw==}}

@comment{BibDesk Smart Groups{
<?xml version="1.0" encoding="UTF-8"?>
<!DOCTYPE plist PUBLIC "-//Apple//DTD PLIST 1.0//EN" "http://www.apple.com/DTDs/PropertyList-1.0.dtd">
<plist version="1.0">
<array>
	<dict>
		<key>conditions</key>
		<array>
			<dict>
				<key>comparison</key>
				<integer>2</integer>
				<key>key</key>
				<string>Author</string>
				<key>value</key>
				<string>Schaub</string>
				<key>version</key>
				<string>1</string>
			</dict>
			<dict>
				<key>comparison</key>
				<integer>2</integer>
				<key>key</key>
				<string>Journal</string>
				<key>value</key>
				<string>Journal</string>
				<key>version</key>
				<string>1</string>
			</dict>
		</array>
		<key>conjunction</key>
		<integer>0</integer>
		<key>group name</key>
		<string>Schaub</string>
	</dict>
</array>
</plist>
}}
