
@article{pines1973, 
auTHor = "Samuel Pines", 
Title = {Uniform Representation of the Gravitational Potential and its derivatives}, 
journal = "AIAA Journal",
volume={11},
number={11},
pages={1508-1511},
YEAR = 1973, 
} 

@article{lundberg1988, 
auTHor = "Lundberg, J. and Schutz, B.", 
Title = {Recursion Formulas of Legendre Functions for Use with Nonsingular Geopotential Models}, 
journal = "Journal of Guidance AIAA",
volume={11},
number={1},
pages={31-38},
YEAR = 1988, 
} 

@book{vallado2013,
  author    = {David Vallado}, 
  title     = {Fundamentals of Astrodynamics and Applications},
  publisher = {Microcosm press},
  year      = {2013},
  edition   = 4,
}

@book{scheeres2012,
  author    = {Daniel Scheeres}, 
  title     = {Orbital Motion in Strongly Perturbed Environments},
  publisher = {Springer},
  year      = {2012},
  edition   = 1
}
