

@article{Alcorn:2016rz,
	Author = {John Alcorn and Hanspeter Schaub and Scott Piggott},
	Date-Added = {2019-03-29 08:29:00 -0600},
	Date-Modified = {2019-03-29 08:29:00 -0600},
	Doi = {10.2514/1.A33709},
	Journal = {{AIAA} Journal of Spacecraft and Rockets},
	Number = {5},
	Pages = {1161--1169},
	Title = {Steady-State Attitude and Control Effort Sensitivity Analysis of Discretized Thruster Implementations},
	Volume = {54},
	Year = {2017},
	Bdsk-File-1 = {YnBsaXN0MDDSAQIDBFxyZWxhdGl2ZVBhdGhZYWxpYXNEYXRhXxAqLi4vLi4vLi4vLi4vLi4vLi4vLi4vUGFwZXJzL0FsY29ybjIwMTYucGRmTxEBSgAAAAABSgACAAAMTWFjaW50b3NoIEhEAAAAAAAAAAAAAAAAAAAAAAAAAEJEAAH/////DkFsY29ybjIwMTYucGRmAAAAAAAAAAAAAAAAAAAAAAAAAAAAAAAAAAAAAAAAAAAAAAAAAAAAAAAAAAAAAAAAAP////8AAAAAAAAAAAAAAAAABwACAAAKIGN1AAAAAAAAAAAAAAAAAAZQYXBlcnMAAgAqLzpVc2VyczpocDpEb2N1bWVudHM6UGFwZXJzOkFsY29ybjIwMTYucGRmAA4AHgAOAEEAbABjAG8AcgBuADIAMAAxADYALgBwAGQAZgAPABoADABNAGEAYwBpAG4AdABvAHMAaAAgAEgARAASAChVc2Vycy9ocC9Eb2N1bWVudHMvUGFwZXJzL0FsY29ybjIwMTYucGRmABMAAS8AABUAAgAJ//8AAAAIAA0AGgAkAFEAAAAAAAACAQAAAAAAAAAFAAAAAAAAAAAAAAAAAAABnw==},
	Bdsk-File-2 = {YnBsaXN0MDDSAQIDBFxyZWxhdGl2ZVBhdGhZYWxpYXNEYXRhXxArLi4vLi4vLi4vLi4vLi4vLi4vLi4vUGFwZXJzL0FsY29ybjIwMTdhLnBkZk8RAVAAAAAAAVAAAgAADE1hY2ludG9zaCBIRAAAAAAAAAAAAAAAAAAAAAAAAABCRAAB/////w9BbGNvcm4yMDE3YS5wZGYAAAAAAAAAAAAAAAAAAAAAAAAAAAAAAAAAAAAAAAAAAAAAAAAAAAAAAAAAAAAAAAD/////AAAAAAAAAAAAAAAAAAcAAgAACiBjdQAAAAAAAAAAAAAAAAAGUGFwZXJzAAIAKy86VXNlcnM6aHA6RG9jdW1lbnRzOlBhcGVyczpBbGNvcm4yMDE3YS5wZGYAAA4AIAAPAEEAbABjAG8AcgBuADIAMAAxADcAYQAuAHAAZABmAA8AGgAMAE0AYQBjAGkAbgB0AG8AcwBoACAASABEABIAKVVzZXJzL2hwL0RvY3VtZW50cy9QYXBlcnMvQWxjb3JuMjAxN2EucGRmAAATAAEvAAAVAAIACf//AAAACAANABoAJABSAAAAAAAAAgEAAAAAAAAABQAAAAAAAAAAAAAAAAAAAaY=}}

@article{pines1973,
	Author = {Samuel Pines},
	Journal = {AIAA Journal},
	Number = {11},
	Pages = {1508-1511},
	Title = {Uniform Representation of the Gravitational Potential and its derivatives},
	Volume = {11},
	Year = 1973}

@article{lundberg1988,
	Author = {Lundberg, J. and Schutz, B.},
	Journal = {Journal of Guidance AIAA},
	Number = {1},
	Pages = {31-38},
	Title = {Recursion Formulas of Legendre Functions for Use with Nonsingular Geopotential Models},
	Volume = {11},
	Year = 1988}

@book{vallado2013,
	Author = {David Vallado},
	Edition = 4,
	Publisher = {Microcosm press},
	Title = {Fundamentals of Astrodynamics and Applications},
	Year = {2013}}

@book{scheeres2012,
	Author = {Daniel Scheeres},
	Edition = 1,
	Publisher = {Springer},
	Title = {Orbital Motion in Strongly Perturbed Environments},
	Year = {2012}}
