%% This BibTeX bibliography file was created using BibDesk.
%% http://bibdesk.sourceforge.net/


%% Created for Thibaud Teil at 2018-01-22 19:16:17 -0700 


%% Saved with string encoding Unicode (UTF-8) 


@conference{OKeefe:2013fk,
	Address = {Hilton Head, SC},
	Author = {Stephen A. O'Keefe and Hanspeter Schaub},
	Booktitle = {AAS/AIAA Astrodynamics Specialists Conference},
	Date-Added = {2017-12-19 23:44:02 +0000},
	Date-Modified = {2017-12-19 23:44:02 +0000},
	Month = {Aug. 11--15},
	Note = {{P}aper No. AAS-13-891},
	Title = {Sun Heading Estimation using Underdetermined Set of Coarse Sun Sensors},
	Year = {2013}}
	
@conference{Teil:2018fe,
	Address = {Breckenridge, {CO}},
	Author = {Thibaud Teil and Hanspeter Schaub and Scott Piggott},
	Booktitle = {AAS Guidance and Control Conference},
	Month = {Feb. 1--7},
	Note = {Paper AAS~18-011},
	Title = {Comparing Coarse Sun Sensor Based Sequential sun heading Filters},
	Year = {2018}}

@book{Born,
	Author = {B. Tapley, B. Schutz, and G. Born},
	Date-Added = {2018-01-07 23:12:25 +0000},
	Date-Modified = {2018-01-17 00:41:03 +0000},
	Number = {ISBN 9780126836301},
	Publisher = {Elsevier Academic Press},
	Title = {Statistical Orbit Determination},
	Year = {2004}}

@book{schaub,
	Address = {Reston, VA},
	Author = {Hanspeter Schaub and John L. Junkins},
	Doi = {10.2514/4.102400},
	Edition = {3rd},
	Keywords = {celestial mechanics, kinematics},
	Publisher = {{AIAA} Education Series},
	Title = {Analytical Mechanics of Space Systems},
	Year = {2014},
	Bdsk-Url-1 = {http://dx.doi.org/10.2514/4.102400}}
	
@conference{Wan2001,
	Author = {R. van der Merwe},
	Date-Added = {2018-01-15 05:00:37 +0000},
	Date-Modified = {2018-01-15 05:03:55 +0000},
	Organization = {Acoustics, Speech, and Signal Processing},
	Title = {The Square-Root Unscented Kalman Filter for State and Parameter-Estimation},
	Year = {2001}}
