
@article{pines1973, 
auTHor = "Samuel Pines", 
Title = {Uniform Representation of the Gravitational Potential and its derivatives}, 
journal = "AIAA Journal",
volume={11},
number={11},
pages={1508-1511},
YEAR = 1973, 
} 

@article{lundberg1988, 
auTHor = "Lundberg, J. and Schutz, B.", 
Title = {Recursion Formulas of Legendre Functions for Use with Nonsingular Geopotential Models}, 
journal = "Journal of Guidance AIAA",
volume={11},
number={1},
pages={31-38},
YEAR = 1988, 
} 

@book{vallado2013,
  author    = {David Vallado}, 
  title     = {Fundamentals of Astrodynamics and Applications},
  publisher = {Microcosm press},
  year      = {2013},
  edition   = 4,
}

@book{scheeres2012,
  author    = {Daniel Scheeres}, 
  title     = {Orbital Motion in Strongly Perturbed Environments},
  publisher = {Springer},
  year      = {2012},
  edition   = 1
}

@techreport{Owen_OpNav,
	Author = {Wiliam M. Owen},
	Date-Added = {2019-01-10 19:26:46 +0000},
	Date-Modified = {2019-01-10 19:28:31 +0000},
	Institution = {Jet Propulsion Laboratory},
	Month = {August},
	Number = {314-513},
	Title = {Optical Navigation Program Mathematical Models},
	Type = {Engineering Memorandum},
	Year = {1991},
	Bdsk-File-1 = {YnBsaXN0MDDUAQIDBAUGJCVYJHZlcnNpb25YJG9iamVjdHNZJGFyY2hpdmVyVCR0b3ASAAGGoKgHCBMUFRYaIVUkbnVsbNMJCgsMDxJXTlMua2V5c1pOUy5vYmplY3RzViRjbGFzc6INDoACgAOiEBGABIAFgAdccmVsYXRpdmVQYXRoWWFsaWFzRGF0YV8QQC4uLy4uLy4uL0pvdXJuYWwvSkdDRC9SZWZlcmVuY2VzL09wTmF2UHJvZ3JhbU1hdGhNb2RlbHNfT3dlbi5wZGbSFwsYGVdOUy5kYXRhTxEB/AAAAAAB/AACAAAMTWFjaW50b3NoIEhEAAAAAAAAAAAAAAAAAAAAAAAAAEJEAAH/////H09wTmF2UHJvZ3JhbU1hdGhNb2RlbHNfT3dlbi5wZGYAAAAAAAAAAAAAAAAAAAAAAAAAAAAAAAAAAAAAAAAAAP////8AAAAAAAAAAAAAAAAAAwAEAAAKIGN1AAAAAAAAAAAAAAAAAApSZWZlcmVuY2VzAAIAby86VXNlcnM6dGhpYmF1ZHRlaWw6RG9jdW1lbnRzOkJvdWxkZXI6UmVzZWFyY2g6TXlQYXBlcnM6Sm91cm5hbDpKR0NEOlJlZmVyZW5jZXM6T3BOYXZQcm9ncmFtTWF0aE1vZGVsc19Pd2VuLnBkZgAADgBAAB8ATwBwAE4AYQB2AFAAcgBvAGcAcgBhAG0ATQBhAHQAaABNAG8AZABlAGwAcwBfAE8AdwBlAG4ALgBwAGQAZgAPABoADABNAGEAYwBpAG4AdABvAHMAaAAgAEgARAASAG1Vc2Vycy90aGliYXVkdGVpbC9Eb2N1bWVudHMvQm91bGRlci9SZXNlYXJjaC9NeVBhcGVycy9Kb3VybmFsL0pHQ0QvUmVmZXJlbmNlcy9PcE5hdlByb2dyYW1NYXRoTW9kZWxzX093ZW4ucGRmAAATAAEvAAAVAAIAEv//AACABtIbHB0eWiRjbGFzc25hbWVYJGNsYXNzZXNdTlNNdXRhYmxlRGF0YaMdHyBWTlNEYXRhWE5TT2JqZWN00hscIiNcTlNEaWN0aW9uYXJ5oiIgXxAPTlNLZXllZEFyY2hpdmVy0SYnVHJvb3SAAQAIABEAGgAjAC0AMgA3AEAARgBNAFUAYABnAGoAbABuAHEAcwB1AHcAhACOANEA1gDeAt4C4ALlAvAC+QMHAwsDEgMbAyADLQMwA0IDRQNKAAAAAAAAAgEAAAAAAAAAKAAAAAAAAAAAAAAAAAAAA0w=}}

@book{Battin,
	Annote = {doi:10.2514/4.861543},
	Author = {Battin, Richard H.},
	Booktitle = {AIAA Education Series},
	Date-Added = {2019-01-10 19:14:19 +0000},
	Date-Modified = {2019-01-10 19:14:19 +0000},
	Doi = {doi:10.2514/4.861543},
	Isbn = {978-1-56347-342-5},
	M3 = {doi:10.2514/4.861543},
	Month = {2019/01/10},
	Pages = {-1},
	Publisher = {American Institute of Aeronautics and Astronautics},
	Title = {An Introduction to the Mathematics and Methods of Astrodynamics, Revised Edition},
	Ty = {BOOK},
	Url = {https://doi.org/10.2514/4.861543},
	Year = {1999},
	Year1 = {1999/01/01},
	Bdsk-Url-1 = {https://doi.org/10.2514/4.861543},
	Bdsk-Url-2 = {http://dx.doi.org/10.2514/4.861543}}