

@book{schaub,
	Address = {Reston, VA},
	Author = {Hanspeter Schaub and John L. Junkins},
	Date-Added = {2019-02-09 13:21:44 -0700},
	Date-Modified = {2019-02-09 13:21:44 -0700},
	Doi = {10.2514/4.105210},
	Edition = {4th},
	Keywords = {celestial mechanics, kinematics},
	Publisher = {{AIAA} Education Series},
	Title = {Analytical Mechanics of Space Systems},
	Year = {2018},
	Bdsk-File-1 = {YnBsaXN0MDDSAQIDBFxyZWxhdGl2ZVBhdGhZYWxpYXNEYXRhXxArLi4vLi4vLi4vLi4vLi4vLi4vLi4vUGFwZXJzL1NjaGF1YjIwMDlhLnBkZk8RAVAAAAAAAVAAAgAADE1hY2ludG9zaCBIRAAAAAAAAAAAAAAAAAAAAAAAAABCRAAB/////w9TY2hhdWIyMDA5YS5wZGYAAAAAAAAAAAAAAAAAAAAAAAAAAAAAAAAAAAAAAAAAAAAAAAAAAAAAAAAAAAAAAAD/////AAAAAAAAAAAAAAAAAAcAAgAACiBjdQAAAAAAAAAAAAAAAAAGUGFwZXJzAAIAKy86VXNlcnM6aHA6RG9jdW1lbnRzOlBhcGVyczpTY2hhdWIyMDA5YS5wZGYAAA4AIAAPAFMAYwBoAGEAdQBiADIAMAAwADkAYQAuAHAAZABmAA8AGgAMAE0AYQBjAGkAbgB0AG8AcwBoACAASABEABIAKVVzZXJzL2hwL0RvY3VtZW50cy9QYXBlcnMvU2NoYXViMjAwOWEucGRmAAATAAEvAAAVAAIACf//AAAACAANABoAJABSAAAAAAAAAgEAAAAAAAAABQAAAAAAAAAAAAAAAAAAAaY=},
	Bdsk-File-2 = {YnBsaXN0MDDSAQIDBFxyZWxhdGl2ZVBhdGhZYWxpYXNEYXRhXxArLi4vLi4vLi4vLi4vLi4vLi4vLi4vUGFwZXJzL1NjaGF1YjIwMTRiLnBkZk8RAVAAAAAAAVAAAgAADE1hY2ludG9zaCBIRAAAAAAAAAAAAAAAAAAAAAAAAABCRAAB/////w9TY2hhdWIyMDE0Yi5wZGYAAAAAAAAAAAAAAAAAAAAAAAAAAAAAAAAAAAAAAAAAAAAAAAAAAAAAAAAAAAAAAAD/////AAAAAAAAAAAAAAAAAAcAAgAACiBjdQAAAAAAAAAAAAAAAAAGUGFwZXJzAAIAKy86VXNlcnM6aHA6RG9jdW1lbnRzOlBhcGVyczpTY2hhdWIyMDE0Yi5wZGYAAA4AIAAPAFMAYwBoAGEAdQBiADIAMAAxADQAYgAuAHAAZABmAA8AGgAMAE0AYQBjAGkAbgB0AG8AcwBoACAASABEABIAKVVzZXJzL2hwL0RvY3VtZW50cy9QYXBlcnMvU2NoYXViMjAxNGIucGRmAAATAAEvAAAVAAIACf//AAAACAANABoAJABSAAAAAAAAAgEAAAAAAAAABQAAAAAAAAAAAAAAAAAAAaY=}}
