
@article{pines1973, 
auTHor = "Samuel Pines", 
Title = {Uniform Representation of the Gravitational Potential and its derivatives}, 
journal = "AIAA Journal",
volume={11},
number={11},
pages={1508-1511},
YEAR = 1973, 
} 

@article{lundberg1988, 
auTHor = "Lundberg, J. and Schutz, B.", 
Title = {Recursion Formulas of Legendre Functions for Use with Nonsingular Geopotential Models}, 
journal = "Journal of Guidance AIAA",
volume={11},
number={1},
pages={31-38},
YEAR = 1988, 
} 

@book{vallado2013,
  author    = {David Vallado}, 
  title     = {Fundamentals of Astrodynamics and Applications},
  publisher = {Microcosm press},
  year      = {2013},
  edition   = 4,
}

@book{scheeres2012,
  author    = {Daniel Scheeres}, 
  title     = {Orbital Motion in Strongly Perturbed Environments},
  publisher = {Springer},
  year      = {2012},
  edition   = 1
}

@article{Chirstian_Limb,
	Author = {Christian, J.A.},
	Date-Added = {2018-05-22 04:33:12 +0000},
	Date-Modified = {2018-05-22 04:35:17 +0000},
	Journal = {Journal of Spacecraft and Rockets},
	Number = {3},
	Pages = {708-730},
	Title = {Accurate Planetary Limb Localization for Image-Based Spacecraft Navigation},
	Volume = {54},
	Year = {2017}}